@article{ziarrusta2018bream,
  title={Non-targeted metabolomics reveals alterations in liver and plasma of gilt-head bream exposed to oxybenzone},
  author={Ziarrusta, Haizea and Mijangos, Leire and Picart-Armada, Sergio and Irazola, Mireia and Perera-Lluna, Alexandre and Usobiaga, Aresatz and Prieto, Ailette and Etxebarria, Nestor and Olivares, Maitane and Zuloaga, Olatz},
  journal={Chemosphere},
  volume={211},
  pages={624--631},
  year={2018},
  publisher={Elsevier}
}

@article{kanehisa2016kegg,
  title={KEGG: new perspectives on genomes, pathways, diseases and drugs},
  author={Kanehisa, Minoru and Furumichi, Miho and Tanabe, Mao and Sato, Yoko and Morishima, Kanae},
  journal={Nucleic acids research},
  volume={45},
  number={D1},
  pages={D353--D361},
  year={2016},
  publisher={Oxford University Press}
}

@article{picart2017null,
  title={Null diffusion-based enrichment for metabolomics data},
  author={Picart-Armada, Sergio and Fern{\'a}ndez-Albert, Francesc and Vinaixa, Maria and Rodr{\'\i}guez, Miguel A and Aivio, Suvi and Stracker, Travis H and Yanes, Oscar and Perera-Lluna, Alexandre},
  journal={PloS one},
  volume={12},
  number={12},
  pages={e0189012},
  year={2017},
  publisher={Public Library of Science}
}
